@misc{ wiki:hawk,
author = {Hawk-Eye Innovations},
title = {Electronic Line Calling Technology: How it Works},
howpublished = "\url{https://resources.platform.pulselive.com/HawkEye/document/2016/08/15/1e6cdaa4-2b70-4975-b722-7dca82b8e546/ELC_How_it_Works.pdf}"
}

@book{ book:szeliski,
  author = {Richard Szeliski},
  title = {Computer Vision: Algorithms and Applications},
  publisher = {Springer},
  year = {2010},
  isbn = {1848829345},
  note = {Disponible online}
}

@article{ art:2012arXiv1202.2745C,
author = {{Cire{\c s}an}, D. and {Meier}, U. and {Schmidhuber}, J.},
title = "{Multi-column Deep Neural Networks for Image Classification}",
journal = {ArXiv e-prints},
archivePrefix = "arXiv",
eprint = {1202.2745},
primaryClass = "cs.CV",
keywords = {Computer Science - Computer Vision and Pattern Recognition, Computer Science - Artificial Intelligence},
year = 2012,
month = feb,
adsurl = {http://adsabs.harvard.edu/abs/2012arXiv1202.2745C},
adsnote = {Provided by the SAO/NASA Astrophysics Data System}
}

@article{art:introToCV,
  author = {Thomas, Graham and Moeslund, Thomas and Hilton, Adrian},
  year = {2014},
  month = {01},
  pages = {},
  title = {Introduction to the Use of Computer Vision in Sports},
  volume = {71},
  booktitle = {Advances in Computer Vision and Pattern Recognition}
}

@article{art:2017arXiv170306870H,
author = {{He}, K. and {Gkioxari}, G. and {Doll{\'a}r}, P. and {Girshick}, R.},
title = "{Mask R-CNN}",
journal = {ArXiv e-prints},
archivePrefix = "arXiv",
eprint = {1703.06870},
primaryClass = "cs.CV",
keywords = {Computer Science - Computer Vision and Pattern Recognition},
year = 2017,
month = mar,
adsurl = {http://adsabs.harvard.edu/abs/2017arXiv170306870H},
adsnote = {Provided by the SAO/NASA Astrophysics Data System}
}

@book{ book:cvInSports,
  author = {Moeslund, Thomas and Thomas, Graham and Hilton, Adrian},
  title = {Computer Vision in Sports},
  publisher = {Springer},
  year = {2014},
  isbn = {978-3-319-09395-6}
}

@INPROCEEDINGS{art:Zivkovic1,
  author={Z. Zivkovic},
  booktitle={Proceedings of the 17th International Conference on Pattern Recognition, 2004. ICPR 2004.},
  title={Improved adaptive Gaussian mixture model for background subtraction},
  year={2004},
  volume={2},
  number={},
  pages={28-31 Vol.2},
  keywords={Gaussian processes;computer vision;recursive functions;adaptive Gaussian mixture model;background subtraction;computer vision;pixel-level approach;probability density;recursive equations;Adaptive algorithm;Cameras;Computer vision;Density functional theory;Equations;Intelligent systems;Layout;Object detection;Pixel;Surveillance},
  doi={10.1109/ICPR.2004.1333992},
  ISSN={1051-4651},
  month={Aug}
}

@article{ art:Zivkovic2,
  title = "Efficient adaptive density estimation per image pixel for the task of background subtraction",
  journal = "Pattern Recognition Letters",
  volume = "27",
  number = "7",
  pages = "773 - 780",
  year = "2006",
  issn = "0167-8655",
  doi = "https://doi.org/10.1016/j.patrec.2005.11.005",
  url = "http://www.sciencedirect.com/science/article/pii/S0167865505003521",
  author = "Zoran Zivkovic and Ferdinand van der Heijden",
  keywords = "Background subtraction, On-line density estimation, Gaussian mixture model, Non-parametric density estimation"
}

@Inbook{KaewTraKulPong2002,
  author="KaewTraKulPong, P. and Bowden, R.",
  editor="Remagnino, Paolo
  and Jones, Graeme A.
  and Paragios, Nikos
  and Regazzoni, Carlo S.",
  title="An Improved Adaptive Background Mixture Model for Real-time Tracking with Shadow Detection",
  bookTitle="Video-Based Surveillance Systems: Computer Vision and Distributed Processing",
  year="2002",
  publisher="Springer US",
  address="Boston, MA",
  pages="135--144",
  abstract="Real-time segmentation of moving regions in image sequences is a fundamental step in many vision systems including automated visual surveillance, human-machine interface, and very low-bandwidth telecommunications. A typical method is background subtraction. Many background models have been introduced to deal with different problems. One of the successful solutions to these problems is to use a multi-colour background model per pixel proposed by Grimson et al [1, 2,3]. However, the method suffers from slow learning at the beginning, especially in busy environments. In addition, it can not distinguish between moving shadows and moving objects. This paper presents a method which improves this adaptive background mixture model. By reinvestigating the update equations, we utilise different equations at different phases. This allows our system learn faster and more accurately as well as adapts effectively to changing environment. A shadow detection scheme is also introduced in this paper. It is based on a computational colour space that makes use of our background model. A comparison has been made between the two algorithms. The results show the speed of learning and the accuracy of the model using our update algorithm over the Grimson et al's tracker. When incorporate with the shadow detection, our method results in far better segmentation than The Thirteenth Conference on Uncertainty in Artificial Intelligence that of Grimson et al.",
  isbn="978-1-4615-0913-4",
  doi="10.1007/978-1-4615-0913-4_11",
  url="https://doi.org/10.1007/978-1-4615-0913-4_11"
}

@INPROCEEDINGS{art:Godbehere,
  author={A. B. Godbehere and A. Matsukawa and K. Goldberg},
  booktitle={2012 American Control Conference (ACC)},
  title={Visual tracking of human visitors under variable-lighting conditions for a responsive audio art installation},
  year={2012},
  volume={},
  number={},
  pages={4305-4312},
  keywords={Kalman filters;art;image matching;image segmentation;object tracking;statistical analysis;video signal processing;F2-score;Gale-Shapley matching;Kalman filters;OpenCV 2.1;multitarget tracking problem;per-pixel Bayesian segmentation;responsive audio art installation;single-camera statistical segmentation algorithm;skylit atrium;source code;statistical background image estimation;tracking algorithm;variable-lighting conditions;video;visual human visitors tracking;Approximation algorithms;Heuristic algorithms;Histograms;Image color analysis;Image segmentation;Kalman filters;Vectors},
  doi={10.1109/ACC.2012.6315174},
  ISSN={0743-1619},
  month={June}
}

@misc{git:CNT,
author = {Zeevi, Sagi},
title = {The Background Subtractor CNT project},
year = {2017},
publisher = {GitHub},
journal = {GitHub repository},
howpublished = {\url{https://github.com/sagi-z/BackgroundSubtractorCNT}},
commit = {761b8c152349f5bda4d78768925e5c13ecb90348},
note = "[Online; consultada 26-06-2018]"
}

@INPROCEEDINGS{698583,
  author={W. E. L. Grimson and C. Stauffer and R. Romano and L. Lee},
  booktitle={Proceedings. 1998 IEEE Computer Society Conference on Computer Vision and Pattern Recognition (Cat. No.98CB36231)},
  title={Using adaptive tracking to classify and monitor activities in a site},
  year={1998},
  volume={},
  number={},
  pages={22-29},
  keywords={adaptive estimation;computer vision;motion estimation;security;surveillance;adaptive tracker;adaptive tracking;distributed sensors;motion tracking;multiple moving objects;rough site models;site activities;tracked motion data;vision system;Cameras;Event detection;Intelligent sensors;Machine vision;Monitoring;Motion detection;Object detection;Robustness;Sensor systems;Tracking},
  doi={10.1109/CVPR.1998.698583},
  ISSN={1063-6919},
  month={Jun}
}

@INPROCEEDINGS{784637,
  author={C. Stauffer and W. E. L. Grimson},
  booktitle={Proceedings. 1999 IEEE Computer Society Conference on Computer Vision and Pattern Recognition (Cat. No PR00149)},
  title={Adaptive background mixture models for real-time tracking},
  year={1999},
  volume={2},
  number={},
  pages={252 Vol. 2},
  keywords={image segmentation;image sequences;real-time systems;tracking;adaptive background mixture models;background subtraction;image sequences;real-time segmentation;real-time tracking;thresholding;Adaptive systems;Artificial intelligence;Gaussian distribution;Image segmentation;Image sequences;Laboratories;Layout;Robustness;Tracking;Vehicle detection},
  doi={10.1109/CVPR.1999.784637},
  ISSN={1063-6919},
  month={}
}

@ARTICLE{868677,
  author={C. Stauffer and W. E. L. Grimson},
  journal={IEEE Transactions on Pattern Analysis and Machine Intelligence},
  title={Learning patterns of activity using real-time tracking},
  year={2000},
  volume={22},
  number={8},
  pages={747-757},
  keywords={Gaussian distribution;computer vision;computerised monitoring;learning (artificial intelligence);pattern classification;real-time systems;sensor fusion;tracking;activity classification;activity pattern learning;adaptive background subtraction method;camera coordination;clutter;event detection;hierarchical binary-tree classification;joint co-occurrence statistics;lighting changes;long-term scene changes;motion segmentation;motion tracking;multiple cameras;online approximation;passive observation;real-time tracking;repetitive motions;stable real-time outdoor tracker;visual monitoring system;Cameras;Computer vision;Event detection;Gaussian approximation;Gaussian distribution;Layout;Monitoring;Motion segmentation;Statistics;Tracking},
  doi={10.1109/34.868677},
  ISSN={0162-8828},
  month={Aug}
}

@book{Bishop:2006:PRM:1162264,
  author = {Bishop, Christopher M.},
  title = {Pattern Recognition and Machine Learning (Information Science and Statistics)},
  year = {2006},
  isbn = {0387310738},
  publisher = {Springer-Verlag},
  address = {Berlin, Heidelberg},
}

@ARTICLE{1055330,
  author={K. Fukunaga and L. Hostetler},
  journal={IEEE Transactions on Information Theory},
  title={The estimation of the gradient of a density function, with applications in pattern recognition},
  year={1975},
  volume={21},
  number={1},
  pages={32-40},
  keywords={Nonparametric estimation;Pattern recognition;Probability functions},
  doi={10.1109/TIT.1975.1055330},
  ISSN={0018-9448},
  month={January}
}

@article{art:camshift,
  author = {Bradski, Gary},
  year = {1998},
  month = {01},
  pages = {214-219},
  title = {Computer Vision Face Tracking For Use in a Perceptual User Interface},
  volume = {Q2},
  booktitle = {Intel Technol. J.}
}

@ARTICLE{4967608,
  author={V. Mahadevan and N. Vasconcelos},
  journal={IEEE Transactions on Pattern Analysis and Machine Intelligence},
  title={Spatiotemporal Saliency in Dynamic Scenes},
  year={2010},
  volume={32},
  number={1},
  pages={171-177},
  keywords={image motion analysis;object detection;video signal processing;biological mechanisms;center-surround saliency;dynamic scenes;motion-based perceptual grouping;saliency detection;spatiotemporal saliency algorithm;spatiotemporal video patches;Spatiotemporal saliency;background subtraction;discriminant center-surround architecture;dynamic backgrounds;dynamic texture;motion saliency;video modeling.;Algorithms;Artificial Intelligence;Image Processing, Computer-Assisted;Markov Chains;Models, Theoretical;Normal Distribution;Pattern Recognition, Automated;ROC Curve;Video Recording;Vision, Ocular;Visual Perception},
  doi={10.1109/TPAMI.2009.112},
  ISSN={0162-8828},
  month={Jan}
}

@MISC{camshift,
    author = {Gary R. Bradski},
    title = {Computer Vision Face Tracking For Use in a Perceptual User Interface},
    year = {1998}
}

@ARTICLE{meanshift,
  author={K. {Fukunaga} and L. {Hostetler}},
  journal={IEEE Transactions on Information Theory}, 
  title={The estimation of the gradient of a density function, with applications in pattern recognition}, 
  year={1975},
  volume={21},
  number={1},
  pages={32-40}
}

@misc{ wiki:camshift,
author = "{Rachid Belaroussi}",
title = "Algoritmo de {CAMshift}",
year = "2018",
howpublished = "\url{https://commons.wikimedia.org/wiki/File:CamshiftStillImage.gif#/media/File:CamshiftStillImage.gif}",
note = "[Online; consultada 06-08-2018]"
}

@book{Thrun:2005:PR:1121596,
  author = {Thrun, Sebastian and Burgard, Wolfram and Fox, Dieter},
  title = {Probabilistic Robotics (Intelligent Robotics and Autonomous Agents)},
  year = {2005},
  isbn = {0262201623},
  publisher = {The MIT Press},
}

@book{book:Goodfellow-et-al-2016,
  title={Deep Learning},
  author={Ian Goodfellow and Yoshua Bengio and Aaron Courville},
  publisher={MIT Press},
  note={\url{http://www.deeplearningbook.org}},
  year={2016}
}

@INBOOK{art:backpropagation,
  author={D. E. {Rumelhart} and J. L. {McClelland}},
  booktitle={Parallel Distributed Processing: Explorations in the Microstructure of Cognition: Foundations},
  title={Learning Internal Representations by Error Propagation},
  year={1987},
  volume={},
  number={},
  pages={318-362}
}

@article{art:mcculloch1943logical,
  title={A logical calculus of the ideas immanent in nervous activity},
  author={McCulloch, Warren S and Pitts, Walter},
  journal={The bulletin of mathematical biophysics},
  volume={5},
  number={4},
  pages={115--133},
  year={1943},
  publisher={Springer}
}

@book{book:homl,
  author = {Géron, Aurélien},
  title = {Hands-On Machine Learning with Scikit-Learn, Keras, and TensorFlow},
  year = {2019},
  isbn = {9781492032649},
  publisher = {O’Reilly Media, Inc.},
  edition = {2nd}
}

@article{art:cat58,
  author = {Hubel, D. H.},
  title = {Single unit activity in striate cortex of unrestrained cats},
  journal = {The Journal of Physiology},
  volume = {147},
  number = {2},
  pages = {226-238},
  doi = {10.1113/jphysiol.1959.sp006238},
  url = {https://physoc.onlinelibrary.wiley.com/doi/abs/10.1113/jphysiol.1959.sp006238},
  eprint = {https://physoc.onlinelibrary.wiley.com/doi/pdf/10.1113/jphysiol.1959.sp006238},
  year = {1959}
}

@article{art:cat59,
  author = {Hubel, D. H. and Wiesel, T. N.},
  title = {Receptive fields of single neurones in the cat's striate cortex},
  journal = {The Journal of Physiology},
  volume = {148},
  number = {3},
  pages = {574-591},
  doi = {10.1113/jphysiol.1959.sp006308},
  url = {https://physoc.onlinelibrary.wiley.com/doi/abs/10.1113/jphysiol.1959.sp006308},
  eprint = {https://physoc.onlinelibrary.wiley.com/doi/pdf/10.1113/jphysiol.1959.sp006308},
  year = {1959}
}

@article{art:neocognitron,
  title={Neocognitron: A self-organizing neural network model for a mechanism of visual pattern recognition},
  author={Fukushima, Kunihiko and Miyake, Sei},
  booktitle={Competition and cooperation in neural nets},
  pages={267--285},
  year={1982},
  publisher={Springer}
}

@article{lecun1998gradient,
  title={Gradient-based learning applied to document recognition},
  author={LeCun, Yann and Bottou, L{\'e}on and Bengio, Yoshua and Haffner, Patrick},
  journal={Proceedings of the IEEE},
  volume={86},
  number={11},
  pages={2278--2324},
  year={1998},
  publisher={Ieee}
}

@article{art:o2019deep,
  title={Deep learning vs. traditional computer vision},
  author={O’Mahony, Niall and Campbell, Sean and Carvalho, Anderson and Harapanahalli, Suman and Hernandez, Gustavo Velasco and Krpalkova, Lenka and Riordan, Daniel and Walsh, Joseph},
  booktitle={Science and Information Conference},
  pages={128--144},
  year={2019},
  organization={Springer}
}

@article{art:FCN2015,
  title={Fully convolutional networks for semantic segmentation},
  author={Long, Jonathan and Shelhamer, Evan and Darrell, Trevor},
  booktitle={Proceedings of the IEEE conference on computer vision and pattern recognition},
  pages={3431--3440},
  year={2015}
}

@misc{art:yolo,
  title={You Only Look Once: Unified, Real-Time Object Detection},
  author={Joseph Redmon and Santosh Divvala and Ross Girshick and Ali Farhadi},
  year={2015},
  eprint={1506.02640},
  archivePrefix={arXiv},
  primaryClass={cs.CV}
}

@article{art:yolo2,
  title={YOLO9000: Better, Faster, Stronger},
  ISBN={9781538604571},
  url={http://dx.doi.org/10.1109/CVPR.2017.690},
  DOI={10.1109/cvpr.2017.690},
  journal={2017 IEEE Conference on Computer Vision and Pattern Recognition (CVPR)},
  publisher={IEEE},
  author={Redmon, Joseph and Farhadi, Ali},
  year={2017},
  month={Jul}
}

@article{art:yolo3,
  title={Yolov3: An incremental improvement},
  author={Redmon, Joseph and Farhadi, Ali},
  journal={arXiv preprint arXiv:1804.02767},
  year={2018}
}


@article{Tan_2020,
   title={EfficientDet: Scalable and Efficient Object Detection},
   ISBN={9781728171685},
   url={http://dx.doi.org/10.1109/cvpr42600.2020.01079},
   DOI={10.1109/cvpr42600.2020.01079},
   journal={2020 IEEE/CVF Conference on Computer Vision and Pattern Recognition (CVPR)},
   publisher={IEEE},
   author={Tan, Mingxing and Pang, Ruoming and Le, Quoc V.},
   year={2020},
   month={Jun}
}


@article{art:DeepBall,
  title={Deep{B}all: Deep Neural-Network Ball Detector},
  ISBN={9789897583544},
  url={http://dx.doi.org/10.5220/0007348902970304},
  DOI={10.5220/0007348902970304},
  journal={Proceedings of the 14th International Joint Conference on Computer Vision, Imaging and Computer Graphics Theory and Applications},
  publisher={SCITEPRESS - Science and Technology Publications},
  author={Komorowski, Jacek and Kurzejamski, Grzegorz and Sarwas, Grzegorz},
  year={2019}
}

@misc{opencv,
  title={Open Source Computer Vision Library},
  author={OpenCV},
  year={2015},
}

@misc{tensorflow2015-whitepaper,
title={ {TensorFlow}: Large-Scale Machine Learning on Heterogeneous Systems},
url={https://www.tensorflow.org/},
note={Software available from tensorflow.org},
author={
Jeffrey~Dean and
Rajat~Monga et al.},
year={2015},
}

@article{art:goturn,
  title={Learning to Track at 100 FPS with Deep Regression Networks},
  ISBN={9783319464480},
  ISSN={1611-3349},
  url={http://dx.doi.org/10.1007/978-3-319-46448-0_45},
  DOI={10.1007/978-3-319-46448-0_45},
  journal={Lecture Notes in Computer Science},
  publisher={Springer International Publishing},
  author={Held, David and Thrun, Sebastian and Savarese, Silvio},
  year={2016},
  pages={749–765}
}

@article{art:xiao2017fashionmnist,
  title={Fashion-{MNIST}: a novel image dataset for benchmarking machine learning algorithms},
  author={Xiao, Han and Rasul, Kashif and Vollgraf, Roland},
  journal={arXiv preprint arXiv:1708.07747},
  year={2017}
}

@MISC{kaggleIoU,
  author = {Lyft},
  title = {Lyft 3D Object Detection for Autonomous Vehicles},
  month = diciembre,
  year = {2019},
  howpublished={\url{https://www.kaggle.com/c/3d-object-detection-for-autonomous-vehicles/overview/evaluation}}
}

@misc{dutta2016via,
  author = "Dutta, A. and Gupta, A. and Zissermann, A.",
  title = "{VGG} Image Annotator ({VIA})",
  year = "2016",
  howpublished = "\url{http://www.robots.ox.ac.uk/~vgg/software/via/}",
  note = "Online; consultado: 24-08-2020"
}

@inproceedings{art:RCNN,
  title={Rich feature hierarchies for accurate object detection and semantic segmentation},
  author={Girshick, Ross and Donahue, Jeff and Darrell, Trevor and Malik, Jitendra},
  booktitle={Proceedings of the IEEE conference on computer vision and pattern recognition},
  pages={580--587},
  year={2014}
}

@inproceedings{art:fastRCNN,
  title={Fast {R-CNN}},
  author={Girshick, Ross},
  booktitle={Proceedings of the IEEE international conference on computer vision},
  pages={1440--1448},
  year={2015}
}


@inproceedings{art:fasterRCNN,
  title={Faster {R-CNN}: Towards real-time object detection with region proposal networks},
  author={Ren, Shaoqing and He, Kaiming and Girshick, Ross and Sun, Jian},
  booktitle={Advances in neural information processing systems},
  pages={91--99},
  year={2015}
}

@article{tfg,
  author={Antonio Saavedra Sánchez},
  title={{TFG}: Seguimiento visual automatizado de eventos en deportes de equipo},
  journal={Facultad de Informática},
  year={2018}
}

@article{byerly2020branching,
  title={A branching and merging convolutional network with homogeneous filter capsules},
  author={Byerly, Adam and Kalganova, Tatiana and Dear, Ian},
  journal={arXiv preprint arXiv:2001.09136},
  year={2020}
}

@misc{deepFake,
  title = {New Steps to Combat Disinformation},
  author = {Tom Burt and Eric Horvitz},
  howpublished = {\url{https://blogs.microsoft.com/on-the-issues/2020/09/01/disinformation-deepfakes-newsguard-video-authenticator/}}
}

@misc{volleyDeep,
  title = {Ball tracking in volleyball with OpenCV and Tensorflow},
  author = {Constantin Toporov},
  howpublished = {\url{https://towardsdatascience.com/ball-tracking-in-volleyball-with-opencv-and-tensorflow-3d6e857bd2e7}}
}

@article{AlphaZero,
author = {Silver, David and Hubert, Thomas and Schrittwieser, Julian and Antonoglou, Ioannis and Lai, Matthew and Guez, Arthur and Lanctot, Marc and Sifre, Laurent and Kumaran, Dharshan and Graepel, Thore and Lillicrap, Timothy and Simonyan, Karen and Hassabis, Demis},
year = {2018},
month = {12},
pages = {1140-1144},
title = {A general reinforcement learning algorithm that masters chess, shogi, and Go through self-play},
volume = {362},
journal = {Science},
doi = {10.1126/science.aar6404}
}

@misc{mathWorksCnn,
  title = {Introduction to Deep Learning: What Are Convolutional Neural Networks?},
  author = {Shyamal Patel and Johanna Pingel},
  howpublished = {\url{https://www.mathworks.com/videos/introduction-to-deep-learning-what-are-convolutional-neural-networks--1489512765771.html}}
}